% Encoding: UTF-8

@Comment{jabref-meta: databaseType:bibtex;}

@Book{firstnameyear,
  title     = {},
  publisher = {},
  year      = {},
  author    = {},
 }

@Article{firstnameyear2,
  author  = {},
  title   = {},
  journal = {},
  year    = {},
  url     = {},
}

@Online{firstnameyear1,
  author = {},
  title  = {},
  year   = {},
  url    = {}, 
  }
@Online{Klimaschutzgesetz2022,
  author = {Die Bundesregierung},
  title  = {Generationenvertrag für das Klima - Klimaschutzgesetz},
  year   = {2022},
  url    = {https://www.bundesregierung.de/breg-de/themen/klimaschutz/klimaschutzgesetz-2021-1913672.pdf},
}
@Online{IPCC2022,
  author = {WORKING GROUP III of the IPCC},
  title  = {Climate change 2022 - Mitigation of climate change},
  year   = {2022},
  url    = {https://report.ipcc.ch/ar6wg3/pdf/IPCC_AR6_WGIII_FinalDraft_FullReport.pdf},
}
@Online{Agora2021,
  author = {Prognos, Öko-Institut, Wuppertal-Institut},
  title  = {Klimaneutrales Deutschland 2045. Wie Deutschland seine Klimaziele schon vor 2050 erreichen kann},
  year   = {2021},
  url    = {https://static.agora-energiewende.de/fileadmin/Projekte/2021/2021_04_KNDE45/A-EW_209_KNDE2045_Zusammenfassung_DE_WEB.pdf}, 
  }
  
@Online{dena2021,
  author = {Deutsche Energie-Agentur GmbH},
  title  = {dena-Leitstudie Aufbruch Klimaneutralität},
  year   = {2021},
  url    = {https://www.dena.de/fileadmin/dena/Publikationen/PDFs/2021/Abschlussbericht_dena-Leitstudie_Aufbruch_Klimaneutralitaet.pdf}, 
  }

@Online{BMWK2021,
  author = {Consentec GmbH und Fraunhofer-Institut für System- und Innovationsforschung ISI},
  title  = {Langfristszenarien für die Transformation
des Energiesystems in Deutschland 3 },
  year   = {2021},
  url    = {https://www.langfristszenarien.de/enertile-explorer-de/dokumente/}, 
  }

@Online{Ariadne2021,
author = {Kopernikus-Projekt Ariadne Potsdam-Institut für Klimafolgenforschung (PIK)},
title  = {Ariadne-Report: Deutschland auf dem Weg zur Klimaneutralität 2045 - Szenarien und Pfade im Modellvergleich.},
year   = {2021},
url    = {https://doi.org/10.48485/pik.2021.006}, 
}

@Online{Jülich2022,
  author = {Forschungszentrum Jülich GmbH},
  title  = {Neue Ziele auf alten Wegen? Strategien für eine treibhausgasneutrale Energieversorgung bis zum Jahr 2045},
  year   = {2022},
  url    = {https://juser.fz-juelich.de/record/908382/files/Energie_Umwelt_577.pdf}, 
  }

@article{Limpens2019,
title = {EnergyScope TD: A novel open-source model for regional energy systems},
journal = {Applied Energy},
volume = {255},
pages = {113729},
year = {2019},
issn = {0306-2619},
doi = {https://doi.org/10.1016/j.apenergy.2019.113729},
url = {https://www.sciencedirect.com/science/article/pii/S0306261919314163},
author = {Gauthier Limpens and Stefano Moret and Hervé Jeanmart and Francois Maréchal},
}

@Online{Zensus2011,
author = {Statistische Ämter des Bundes und der Länder},
title  = {Ergebnisse des Zensus 2011},
year   = {2011},
url    = {https://www.zensus2011.de/DE/Home/Aktuelles/DemografischeGrunddaten.html}, 
}

@article{Schmid2016,
title = {Putting an energy system transformation into practice: The case of the German Energiewende},
journal = {Energy Research and Social Science},
volume = {11},
pages = {263-275},
year = {2016},
issn = {2214-6296},
doi = {https://doi.org/10.1016/j.erss.2015.11.002},
url = {https://www.sciencedirect.com/science/article/pii/S2214629615300712},
author = {Eva Schmid and Brigitte Knopf and Anna Pechan},
keywords = {Greenhouse gas mitigation, Energy transition, Electricity infrastructure, Strategic action fields},
}

@article{Weinand2019,
title = {Developing a municipality typology for modelling decentralised energy systems},
journal = {Utilities Policy},
volume = {57},
pages = {75-96},
year = {2019},
issn = {0957-1787},
doi = {https://doi.org/10.1016/j.jup.2019.02.003},
url = {https://www.sciencedirect.com/science/article/pii/S095717871930013X},
author = {J.M. Weinand and R. McKenna and W. Fichtner},
keywords = {Cluster analysis, Decentralised energy system, Socio-energetic indicators, Energy autonomy},
}

@misc{Muellner2011,
  doi = {10.48550/ARXIV.1109.2378},
  url = {https://arxiv.org/abs/1109.2378},
  author = {Müllner, Daniel},
  keywords = {Machine Learning (stat.ML), Data Structures and Algorithms (cs.DS), FOS: Computer and information sciences, FOS: Computer and information sciences, I.5.3, 62H30},
  title = {Modern hierarchical, agglomerative clustering algorithms},
  publisher = {arXiv},
  year = {2011}, 
  copyright = {arXiv.org perpetual, non-exclusive license}
}

@book{Backhaus2016,
  title={Multivariate Analysemethoden},
  author={Backhaus, Klaus and Erichson, Bernd and Plinke, Wulff and Weiber, Rolf},
  year={2016},
  publisher={Springer}
}

@article{Jarosch2022,
  title={Modelling Decentralized Hydrogen Systems: Lessons Learned and Challenges from German Regions},
  author={Jarosch, Charlotte and Jahnke, Philipp and Giehl, Johannes and Himmel, Jana},
  journal={Energies},
  volume={15},
  number={4},
  pages={1322},
  year={2022},
  publisher={MDPI}
}

@incollection{Nettleton2014,
title = {Chapter 6 - Selection of Variables and Factor Derivation},
editor = {David Nettleton},
booktitle = {Commercial Data Mining},
publisher = {Morgan Kaufmann},
address = {Boston},
pages = {79-104},
year = {2014},
isbn = {978-0-12-416602-8},
doi = {https://doi.org/10.1016/B978-0-12-416602-8.00006-6},
url = {https://www.sciencedirect.com/science/article/pii/B9780124166028000066},
author = {David Nettleton},
keywords = {variable selection, correlation, factorial analysis, business objective, factor derivation, available data, dashboard, preselected variable, reverse engineering, correlation},
}

@incollection{Berman2016,
title = {Chapter 4 - Understanding Your Data},
editor = {Jules J. Berman},
booktitle = {Data Simplification},
publisher = {Morgan Kaufmann},
address = {Boston},
pages = {135-187},
year = {2016},
isbn = {978-0-12-803781-2},
doi = {https://doi.org/10.1016/B978-0-12-803781-2.00004-7},
url = {https://www.sciencedirect.com/science/article/pii/B9780128037812000047},
author = {Jules J. Berman},
keywords = {Image formats, Profiling, Graphing, Data signature, Data visualization, Data plotting},
}